<?xml version="1.0" encoding="UTF-8"?><collection xmlns="http://www.loc.gov/MARC21/slim"><record><leader>00317nam--2200121-i-4500</leader><controlfield tag="001">000006704</controlfield><controlfield tag="002">20161230</controlfield><controlfield tag="005">20161230201026</controlfield><controlfield tag="008">060222s1000------------r-----000-0-eng-d</controlfield><datafield ind1=" " ind2=" " tag="100"><subfield code="a">Ashmore, P.G</subfield></datafield><datafield ind1=" " ind2=" " tag="245"><subfield code="a">Catalysis and inhibition of chemical reactions</subfield></datafield><datafield ind1=" " ind2=" " tag="260"><subfield code="a">London, Butterworths, 1963 Xi + 374 P</subfield></datafield><datafield ind1=" " ind2=" " tag="852"><subfield code="a">17184</subfield></datafield></record></collection>